@book{Mariani2019,
  title={Nestedness in complex networks},
  author={Mariani, Sebastian},
  year={2019},
  publisher={Springer},
  note={ISBN: 978-3-030-29984-6}
}

@article{Granovetter1985,
  title={Economic Action and Social Structure: The Problem of Embeddedness},
  author={Granovetter, Mark},
  journal={American Journal of Sociology},
  volume={91},
  number={3},
  pages={481--510},
  year={1985},
  publisher={University of Chicago Press}
}

@article{Granovetter1973,
  title={The Strength of Weak Ties},
  author={Granovetter, Mark S.},
  journal={American Journal of Sociology},
  volume={78},
  number={6},
  pages={1360--1380},
  year={1973},
  publisher={University of Chicago Press}
}


@article{Borgatti2011,
  title={On Network Theory},
  author={Borgatti, Stephen P. and Halgin, Daniel S.},
  journal={Organization Science},
  volume={22},
  number={5},
  pages={1168--1181},
  year={2011},
  publisher={INFORMS}
}

@article{Dalle2025,
  title={Accelerator-mediated access to investors among early-stage start-ups},
  author={Dalle, Jean-Michel and others},
  journal={Research Policy},
  year={2025},
  note={In press}
}

@article{Theophile2024,
  title={Complex networks in entrepreneurial ecosystems},
  author={Theophile},
  year={2024},
  note={@todo add info}
}

@article{AlmeidaNeto2008,
  title={A consistent metric for nestedness analysis in ecological systems: reconciling concept and measurement},
  author={Almeida-Neto, M{\'a}rio and Guimar{\~a}es, Paulo and Guimar{\~a}es Jr, Paulo R. and Loyola, Rafael D. and Ulrich, Werner},
  journal={Oikos},
  volume={117},
  number={8},
  pages={1227--1239},
  year={2008},
  publisher={Wiley Online Library}
}

@article{Strona2014,
  title={A fast and unbiased procedure to randomize ecological binary matrices with fixed row and column totals},
  author={Strona, Giovanni and Nappo, Domenico and Boccacci, Francesco and Fattorini, Simone and San-Miguel-Ayanz, Jes{\'u}s},
  journal={Nature Communications},
  volume={5},
  number={1},
  pages={4114},
  year={2014},
  publisher={Nature Publishing Group}
}

@article{Citation2780199,
  title={The Topology of the Federal Funds Market},
  author={Furfine, Craig H.},
  journal={Physica A: Statistical Mechanics and its Applications},
  volume={299},
  number={1-2},
  pages={109--119},
  year={2001},
  note={DOI: 10.2307/2780199}
}

@article{Albert2000,
  title={Error and attack tolerance of complex networks},
  author={Albert, R{\'e}ka and Jeong, Hawoong and Barab{\'a}si, Albert-L{\'a}szl{\'o}},
  journal={Nature},
  volume={406},
  number={6794},
  pages={378--382},
  year={2000},
  publisher={Nature Publishing Group}
}

@article{PastorSatorras2001,
  title={Epidemic spreading in scale-free networks},
  author={Pastor-Satorras, Romualdo and Vespignani, Alessandro},
  journal={Physical Review Letters},
  volume={86},
  number={14},
  pages={3200--3203},
  year={2001},
  publisher={American Physical Society}
}

@article{Katz1994,
  title={Network externalities, competition, and compatibility},
  author={Katz, Michael L. and Shapiro, Carl},
  journal={The American Economic Review},
  volume={75},
  number={3},
  pages={424--440},
  year={1985},
  publisher={American Economic Association}
}

@article{Casamatta2007,
  title={Experience, screening and syndication in venture capital investments},
  author={Casamatta, Catherine and Haritchabalet, H.},
  year={2007},
}

@incollection{Spence1981,
  author={Spence, Michael},
  title={Signaling, Screening, and Information},
  booktitle={Studies in Labor Markets},
  editor={Sherwin Rosen},
  pages={319--358},
  year={1981},
  publisher={University of Chicago Press},
  institution={National Bureau of Economic Research},
  url={https://www.nber.org/books-and-chapters/studies-labor-markets/signaling-screening-and-information},
  note={Accessed: 2025-05-17}
}

# Classic early empirical paper: shows how/why experienced VCs syndicate first rounds with similarly experienced peers; later rounds broaden. Establishes core motives beyond simple risk-sharing.
@article{Lerner1994,
  author={Lerner, Josh},
  title={The Syndication of Venture Capital Investments},
  journal={Financial Management},
  volume={23},
  number={3},
  pages={16--27},
  year={1994},
  note={Special Issue on Venture Capital. Reprinted in Venture Capital, edited by Michael Wright and Ken Robbie. Aldershot: International Library of Management/Dartmouth Publishing, 1997.}
}

# Introduces the networking view of syndication and documents how VC ties shape who invests with whom.
@article{Bygrave1987,
  author={Bygrave, William D.},
  title={Syndicated investments by venture capital firms: A networking perspective},
  journal={Journal of Business Venturing},
  volume={2},
  number={2},
  pages={139--154},
  year={1987},
  issn={0883-9026},
  doi={10.1016/0883-9026(87)90004-8},
  url={https://www.sciencedirect.com/science/article/pii/0883902687900048}
}

# Demonstrates that stronger VC network centrality (often built via syndication) correlates with better investment performance and exits.
@article{Hochberg2007,
  title={Whom You Know Matters: Venture Capital Networks and Investment Performance},
  author={Hochberg, Yael V. and Ljungqvist, Alexander and Lu, Yang},
  journal={The Journal of Finance},
  volume={62},
  number={1},
  pages={251--301},
  year={2007},
  publisher={Wiley Online Library},
  doi={10.1111/j.1540-6261.2007.01207.x},
  url={https://onlinelibrary.wiley.com/doi/abs/10.1111/j.1540-6261.2007.01207.x},
  note={Accessed: 2025-08-23. \_eprint: https://onlinelibrary.wiley.com/doi/pdf/10.1111/j.1540-6261.2007.01207.x},
  issn={1540-6261}
}

@article{Saavedra2009,
  title={A simple model of bipartite cooperation for ecological and organizational networks},
  author={Saavedra, Serguei and Reed-Tsochas, Felix and Uzzi, Brian},
  journal={Nature},
  volume={457},
  pages={463--466},
  year={2009},
  doi={10.1038/nature07532},
  url={https://www.nature.com/articles/nature07532}
}

@techreport{OECD2017,
  title={Using Crunchbase for economic and managerial research},
  author={OECD},
  institution={OECD},
  type={OECD Science, Technology and Industry Working Papers},
  number={2017/08},
  year={2017},
  month={November},
  url={https://www.oecd.org/en/publications/using-crunchbase-for-economic-and-managerial-research_6c418d60-en.html},
  note={Accessed: 2025-08-24. DOI: 10.1787/6c418d60-en. Series: OECD Science, Technology and Industry Working Papers Volume: 2017/08},
  language={en}
}

# Introduces a modularity definition tailored for bipartite graphs and a corresponding algorithm
@article{Barber2007,
  title={Modularity and community detection in bipartite networks},
  author={Barber, Michael J.},
  journal={Physical Review E},
  volume={76},
  number={6},
  pages={066102},
  year={2007},
  publisher={American Physical Society},
  doi={10.1103/PhysRevE.76.066102},
  url={http://arxiv.org/abs/0707.1616},
  note={arXiv:0707.1616 [physics]. Accessed: 2025-08-24},
  issn={1539-3755, 1550-2376}
}

# Offers foundational background on modularity-based community detection and efficient spectral algorithms
@article{Newman2006,
  title={Modularity and community structure in networks},
  author={Newman, M. E. J.},
  journal={Proceedings of the National Academy of Sciences},
  volume={103},
  number={23},
  pages={8577--8582},
  year={2006},
  publisher={National Academy of Sciences},
  doi={10.1073/pnas.0601602103},
  url={http://arxiv.org/abs/physics/0602124},
  note={arXiv:physics/0602124. Accessed: 2025-08-24},
  issn={0027-8424, 1091-6490},
  shortjournal={Proc. Natl. Acad. Sci. U.S.A.}
}

# A widely used greedy modularity-optimization method, efficient for scalability
@article{Blondel2008,
  title={Fast unfolding of communities in large networks},
  author={Blondel, Vincent D. and Guillaume, Jean-Loup and Lambiotte, Renaud and Lefebvre, Etienne},
  journal={Journal of Statistical Mechanics: Theory and Experiment},
  volume={2008},
  number={10},
  pages={P10008},
  year={2008},
  publisher={IOP Publishing},
  doi={10.1088/1742-5468/2008/10/P10008},
  url={http://arxiv.org/abs/0803.0476},
  note={arXiv:0803.0476 [physics]. Accessed: 2025-08-24},
  issn={1742-5468},
  shortjournal={J. Stat. Mech.}
}

# Uses computational methods over three decades of syndication data to identify VC communities, sharply relevant to your domain and methods
@article{Bubna2020,
  title={Venture Capital Communities},
  author={Bubna, Amit and Das, Sanjiv R. and Prabhala, Nagpurnanand},
  journal={The Journal of Financial and Quantitative Analysis},
  volume={55},
  number={2},
  pages={621--651},
  year={2020},
  publisher={Cambridge University Press, University of Washington School of Business Administration},
  issn={0022-1090},
  url={https://www.jstor.org/stable/26887962},
  note={Accessed: 2025-08-24. JSTOR catalogue.}
}

@article{Dormann2009,
  title={Indices, Graphs and Null Models: Analyzing Bipartite Ecological Networks},
  author={Dormann, Carsten and Fründ, Jochen and Blüthgen, Nico and Gruber, Bernd},
  journal={The Open Ecology Journal},
  volume={2},
  pages={7--24},
  year={2009},
  doi={10.2174/1874213000902010007},
  url={https://www.researchgate.net/publication/237009091_Indices_Graphs_and_Null_Models_Analyzing_Bipartite_Ecological_Networks},
  abstract={Many analyses of ecological networks in recent years have introduced new indices to describe network properties. As a consequence, tens of indices are available to address similar questions, differing in specific detail, sensitivity in detecting the property in question, and robustness with respect to network size and sampling intensity. Furthermore, some indices merely reflect the number of species participating in a network, but not their interrelationship, requiring a null model approach. Here we introduce a new, free software calculating a large spectrum of network indices, visualizing bipartite networks and generating null models. We use this tool to explore the sensitivity of 26 network indices to network dimensions, sampling intensity and singleton observations. Based on observed data, we investigate the interrelationship of these indices, and show that they are highly correlated, and heavily influenced by network dimensions and connectance. Finally, we re-evaluate five common hypotheses about network properties, comparing 19 pollination networks with three differently complex null models: 1. The number of links per species ("degree") follow (truncated) power law distributions. 2. Generalist pollinators interact with specialist plants, and vice versa (dependence asymmetry). 3. Ecological networks are nested. 4. Pollinators display complementarity, owing to specialization within the network. 5. Plant-pollinator networks are more robust to extinction than random networks. Our results indicate that while some hypotheses hold up against our null models, others are to a large extent understandable on the basis of network size, rather than ecological interrelationships. In particular, null model pattern of dependence asymmetry and robustness to extinction are opposite to what current network paradigms suggest. Our analysis, and the tools we provide, enables ecologists to readily contrast their findings with null model expectations for many different questions, thus separating statistical inevitability from ecological process.},
  shortjournal={Indices, Graphs and Null Models},
  note={Accessed: 2025-08-24. ResearchGate catalogue.}
}